@conference{yip2005,
 author = {Yip, Andy M. and Ding, Chris and Chan, Tony F.},
 title = {Dynamic Cluster Formation Using Level Set Methods},
 booktitle = {Proceedings of the 9th Pacific-Asia Conference on Advances in Knowledge Discovery and Data Mining},
 series = {PAKDD'05},
 year = {2005},
 isbn = {3-540-26076-5, 978-3-540-26076-9},
 location = {Hanoi, Vietnam},
 pages = {388--398},
 numpages = {11},
 url = {http://dx.doi.org/10.1007/11430919_46},
 doi = {10.1007/11430919_46},
 acmid = {2140883},
 publisher = {Springer-Verlag},
 address = {Berlin, Heidelberg},
} 


@article{lamport1986latex,
	title={LaTEX: User's Guide \& Reference Manual},
	author={Lamport, Leslie},
	year={1986},
	publisher={Addison-Wesley}
}

@article{quatroautores,
	title={Real-time prediction of hand trajectory 
	by ensembles of cortical neurons in primates},
	author={Wessberg, Johan and Stambaugh, Christopher R and 
	Kralik,Jerald D and 
	Beck, Pamela D and Laubach, Mark and 
	Chapin, John K and Kim, Jung and Biggs, S James and 
	Srinivasan, Mandayam A and Nicolelis, Miguel AL},
	journal={Nature},
	volume={408},
	number={6810},
	pages={361--365},
	year={2000},
	publisher={Nature Publishing Group}
}

@article{ESTER1996,
	title={A density-based algorithm for discovering
	clusters in large spatial databases with noise},
	author={ESTER, M. and KRIEGEL, H.-P. and SANDER, J. and XU, X.},
	volume={96},
	number={34},
	pages={226--231},
	year={1996},
	publisher={KDD}
}

@article{lahiri2007,
	title={Structure prediction in temporal networks using frequent subgraphs},
	author={ LAHIRI, M. and BERGER-WOLF, T.Y.},
	pages={35--42},
	year={2007},
	publisher={IEEE Symposium on Computational Intelligence and Data Mining}
}

@article{lahiri2008,
	title={Mining Periodic Behavior in Dynamic Social Networks},
	author= {LAHIRI, M. and BERGER-WOLF, T.Y.},
	year={2008},
	publisher={Eighth IEEE International Conference on Data Mining}
}

@book{faghmous2013,
	author = {James H. Faghmous and Vipin Kumar},
	title = {Spatio-Temporal Data Mining for Climate Data: Advances, Challenges, and Opportunities},
	pages={83-116},
	year = {2013}
}

@book{barabasi,
	title={{The Structure and Dynamics of Networks: Princeton Studies in Complexity}},
	author={BARABÁSI, Albert-László and NEWMAN, Mark and WATTS, Duncan J.},
	year={2006},
	publisher={1. ed. Princeton University Press}
}

@book{boaventura,
	title={{Grafos - Teoria, Modelos, Algoritmos}},
	author={Boaventura Netto, P. O.},
	year={1996},
	publisher={2a edição, Editora Edgard Blücher Ltda}
}

@book{bookahuja,
	title={{Network flows: theory, algorithms, and applications}},
	author={AHUJA, R.K. and  Magnanti, Thomas L. and Orlin, James B.},
	year={1993},
	publisher={Prentice-Hall, Inc. Upper Saddle River, NJ}
}

@book{cormen,
	title={{Introduction to Algorithms}},
	author={CORMEN, Thomas H. and LEISERSON, Charles E. and RIVEST, Ronald L. and STEIN, Clifford},
	year={2001},
	publisher={Cambridge and NewYork: The MIT Press and McGraw-Hill Book Company, 2nd. Edition}
}

@book{goldbarg,
	title={{Grafos: Conceitos, algoritmos e aplicações}},
	author={GOLDBARG, Marco and GOLDBARG, Elizabeth},
	year={2012},
	publisher={1a Edição, Editora Elservier}
}

@book{ziviani,
	title={Projeto de algoritmos com implementação em pascal e C},
	author={Ziviani, N.},
	year={2004},
	publisher={2a Edição, Editora Pioneira Thomson Learning}
}

@book{negreirosbook,
	title={{Otimização em Grafos}},
	author={Negreiros, Marcos and Maculan, Nelson},
	year={2016},
	publisher={(Não Publicado)}
}

@book{goodrich,
	title={{Estrutura de Dados e Algoritmos em JAVA}},
	author={GOODRICH, Michael T. and TAMASSIA, Roberto},
	year={2007},
	publisher={(4a Edição, Editora Bookman)}
}

@book{douglas,
	title={{JavaScript: The Good Parts}},
	author={CROCKFORD, Douglas},
	year={2008},
	publisher={(O'Reilly Media)}
}

@book{fachin,
	title={Fundamentos de metodologia},
	author={FACHIN, O.},
	year={2001},
	publisher={3a Edição, Editora Saraiva}
}

@article{giacomo,
	title={{Shortest paths on dynamic graphs}},
	author={NANNICINI, G. and LIBERTI, L.},
	pages={551-563},
	volume={15},
	number={5},
	journal={International Transactions in Operational Research},
	year={2008}
}

@article{harary,
	title={{Dynamic Graph Models}},
	author={HARARY, F. and GUPTA, G},
	pages={79-87},
	volume={25},
	number={7},
	journal={Mathl. Comput. Modelling},
	year={1997}
}

@article{kim,
	title={{Temporal node centrality in complex networks}},
	author={KIM, Hyoungshick and ANDERSON, Ross},
	pages={8},
	publisher={1 ed. PHYSICAL REVIEW},
	year={2012}
}

@article{dynagraph2012,
	title={{DYNAGRAPH: Um Modelo de Edição e Representação de Grafos Dinâmicos}},
	author={CALIXTO, Anderson and NEGREIROS, Marcos},
	pages={8},
	publisher={1 ed. CLAIO/SBPO},
	year={2012}
}

@article{ahuja,
	title={{Faster algorithms for the shortest path problem}},
	author={AHUJA, R.K. and Mehlhorn, Kurt and Orlin, James B. and Tarjan, Robert E.},
	journal={Journal of the Association for Computing Machinery},
	volume={37},
	number={2},
	pages={213--223},
	year={1990}
}

@article{kostakos,
	title={{Temporal graphs}},
	author={KOSTAKOS, Vassilis},
	journal={Physica A},
	year={2009},
	pages={1007--1023}
}

@article{peer,
	title={{Finding the shortest path in stochastic networks}},
	author={PEER, S.K. and SHARMA, D.K.},
	journal={Computers \& Mathematics with Applications},
	volume={53},
	number={5},
	pages={729--740},
	year={2007}
}

@article{holme:colloquium,
	title={{Modern temporal network theory: a colloquium}},
	author={HOLME, P.},
	journal={The European Physical Journal B},
	volume={88},
	number={9},
	pages={1},
	year={2015}
}

@article{xiao-long,
	title={{Temporal prediction of epidemic patterns in community networks}},
	author={Peng, X.L. and SMALL, M. and XU, X.J. and Fu Xinchu},
	journal={New Journal of Physics},
	volume={15},
	number={113033},
	year={2013}
}

@article{Birant2007STDBSCANAA,
	title={ST-DBSCAN: An algorithm for clustering spatial-temporal data},
	author={Derya Birant and Alp Kut},
	journal={Data Knowl. Eng.},
	year={2007},
	volume={60},
	pages={208-221}
}

@mastersthesis{alfredo2009,
	title={{Encontrando Similaridades entre Indivíduos Através de Métodos de Agrupamento Natural}},
	author={Tomaz, Alfredo P.},
	year={2009},
	school={Universidade Estadual do Ceará}
}

@mastersthesis{leonard,
	title={{Uma Metodologia para Previsão On-line de Tempos de Viagem e Rotas Ótimas em Redes Viárias Urbanas}},
	author={Augusto, Leonard C.S.},
	year={2013},
	school={Mestrado Profissional em Computa\c{c}\~ao Aplicada (MPCOMP), Universidade Estadual do Ceará}
}

@mastersthesis{dynagraph,
	title={{DYNAGRAPH: Um Modelo de Edição e Representação de Grafos Dinâmicos}},
	author={CALIXTO, Anderson and NEGREIROS, Marcos},
	year={2013},
	school={Mestrado Profissional em Computa\c{c}\~ao Aplicada (MPCOMP), Universidade Estadual do Ceará}
}

@mastersthesis{classauto,
	title={{Cl@ssAuto -– Uma ferramenta WEB de ensino em classificação automática de dados}},
	author={COELHO, G. A. de Aguiar},
	year={2003},
	school={Mestrado Profissional em Computa\c{c}\~ao Aplicada (MPCOMP), Universidade Estadual do Ceará}
}

@conference{cunha,
	title={{Análise Comparativa de Algoritmos Eficientes para o Problema de Caminho Mínimo}},
	author={ATZINGEN, J. V. and CUNHA, C. B. and NAKAMOTO, F. Y. and RIBEIRO, F. R. and SCHARDONG, A.},
	booktitle={XXI ANPET: Congresso de Pesquisa e Ensino em Transportes, Panorama Nacional da Pesquisa em Transportes. Associação Nacional de Ensino e Pesquisa em Transportes},
	pages={1--12},
	publisher={Rio de Janeiro, Brasil},
	year={2007}
}

@conference{gephi,
	title={{Gephi: An Open Source Software for Exploring and Manipulating Networks}},
	author={BASTIAN, Mathieu and HEYMANN, Sebastien and JACOMY, Mathieu},
	booktitle={Internacional AAAI Conference on Weblogs and Social Media},
	year={2009},
	publisher={São José, Califórnia, Estados Unidos},
}

@conference{simposioNeg2003,
	title={{Um Algoritmo Polinomial para Identificação de Grupos Naturais em Longas Bases de Dados}},
	author={VIANA, J. F. Roldan and Negreiros, Marcos},
	booktitle={XXXV Simpósio Brasileiro de Pesquisa Operacional},
	year={2003},
	publisher={Natal},
}

@PHDTHESIS{negreiros,
	title={{Contribuições para otimização em grafos e problemas de percurso de Veículos: Sistema SisGRAFO}},
	author={Negreiros, Marcos},
	year={1996},
	school={COPPE/UFRJ - Eng Sistemas - DSc Thesis}
}

@PHDTHESIS{zpr98-319,
	AUTHOR		= {Stefan Krauß},
	INSTITUTION	= {Mathematisches Institut, Universit\"at zu K\"oln},
	SCHOOL		= {Mathematisches Institut, Universit\"at zu K\"oln},
	TITLE		= {Microscopic Modeling of Traffic Flow: Investigation of Collision Free Vehicle Dynamics},
	KEYWORDS	= {highway traffic, interacting random processes, statistical mechanics type modells, statistical processes; 60K30, 60K35, 90B20},
	PAGES		= {116},
	NUMBER		= {319},
	YEAR		= {1998}
}

@inproceedings{Gomide2011DengueSB,
	title={Dengue surveillance based on a computational model of spatio-temporal locality of Twitter},
	author={Jana{\'i}na Gomide and Adriano Veloso and Wagner Meira and Virg{\'i}lio A. F. Almeida and Fabr{\'i}cio Benevenuto and Fernanda Ferraz and Mauro M Teixeira},
	booktitle={WebSci},
	year={2011}
}

@inproceedings{Senoetnik2016SpatiotemporalCM,
	title={Spatio-temporal clustering methods},
	author={Matej Seno{\vz}etnik and Luka Bradesko and Bla{\vz} Ka{\vz}i{\vc} and Dunja Mladenic and Tine {\vS}ubic},
	year={2016}
}

@INPROCEEDINGS{Macqueen67,
	author = {J. Macqueen},
	title = {Some methods for classification and analysis of multivariate observations},
	booktitle = {In 5-th Berkeley Symposium on Mathematical Statistics and Probability},
	year = {1967},
	pages = {281--297}
}

@Article{Wu2008,
	author="Wu, Xindong
	and Kumar, Vipin
	and Ross Quinlan, J.
	and Ghosh, Joydeep
	and Yang, Qiang
	and Motoda, Hiroshi
	and McLachlan, Geoffrey J.
	and Ng, Angus
	and Liu, Bing
	and Yu, Philip S.
	and Zhou, Zhi-Hua
	and Steinbach, Michael
	and Hand, David J.
	and Steinberg, Dan",
	title="Top 10 algorithms in data mining",
	journal="Knowledge and Information Systems",
	year="2008",
	month="Jan",
	day="01",
	volume="14",
	number="1",
	pages="1--37"
}


@book{kaufmann1990,
	author = {Kaufmann, Leonard and Rousseeuw, Peter J.},
	title = {Finding Groups in Data: An Introduction to Cluster Analysis},
	publisher={John Wiley and Sons},
	year = {1990}
}

@InProceedings{Lin2004,
	author="Lin, Jessica
	and Vlachos, Michail
	and Keogh, Eamonn
	and Gunopulos, Dimitrios",
	editor="Bertino, Elisa
	and Christodoulakis, Stavros
	and Plexousakis, Dimitris
	and Christophides, Vassilis
	and Koubarakis, Manolis
	and B{\"o}hm, Klemens
	and Ferrari, Elena",
	title="Iterative Incremental Clustering of Time Series",
	booktitle="Advances in Database Technology - EDBT 2004",
	year="2004",
	publisher="Springer Berlin Heidelberg",
	address="Berlin, Heidelberg",
	pages="106--122"
}

@article{Zhang1996,
	author = {Zhang, Tian and Ramakrishnan, Raghu and Livny, Miron},
	title = {BIRCH: An Efficient Data Clustering Method for Very Large Databases},
	journal = {SIGMOD Rec.},
	issue_date = {June 1996},
	volume = {25},
	number = {2},
	month = jun,
	year = {1996},
	issn = {0163-5808},
	pages = {103--114},
	numpages = {12},
	url = {http://doi.acm.org/10.1145/235968.233324},
	doi = {10.1145/235968.233324},
	acmid = {233324},
	publisher = {ACM},
	address = {New York, NY, USA}
} 

@inproceedings{Wang1997,
	author = {Wang, Wei and Yang, Jiong and Muntz, Richard R.},
	title = {STING: A Statistical Information Grid Approach to Spatial Data Mining},
	booktitle = {Proceedings of the 23rd International Conference on Very Large Data Bases},
	series = {VLDB '97},
	year = {1997},
	isbn = {1-55860-470-7},
	pages = {186--195},
	numpages = {10},
	url = {http://dl.acm.org/citation.cfm?id=645923.758369},
	acmid = {758369},
	publisher = {Morgan Kaufmann Publishers Inc.},
	address = {San Francisco, CA, USA},
} 


@techreport{Berkhin2002,
	address = {San Jose, CA},
	author = {Berkhin, Pavel},
	institution = {Accrue Software},
	keywords = {clustering datamining},
	title = {Survey Of Clustering Data Mining Techniques},
	url = {http://citeseer.ist.psu.edu/berkhin02survey.html},
	year = 2002
}

@inproceedings{Sheikholeslami1998,
	author = {Sheikholeslami, Gholamhosein and Chatterjee, Surojit and Zhang, Aidong},
	title = {WaveCluster: A Multi-Resolution Clustering Approach for Very Large Spatial Databases},
	booktitle = {Proceedings of the 24rd International Conference on Very Large Data Bases},
	series = {VLDB '98},
	year = {1998},
	isbn = {1-55860-566-5},
	pages = {428--439},
	numpages = {12},
	url = {http://dl.acm.org/citation.cfm?id=645924.671342},
	acmid = {671342},
	publisher = {Morgan Kaufmann Publishers Inc.},
	address = {San Francisco, CA, USA},
} 

@inproceedings{ESTER1998,
	author = {Ester, Martin and Kriegel, Hans-Peter and Sander, J\"{o}rg and Wimmer, Michael and Xu, Xiaowei},
	title = {Incremental Clustering for Mining in a Data Warehousing Environment},
	booktitle = {Proceedings of the 24rd International Conference on Very Large Data Bases},
	series = {VLDB '98},
	year = {1998},
	isbn = {1-55860-566-5},
	pages = {323--333},
	numpages = {11},
	url = {http://dl.acm.org/citation.cfm?id=645924.671201},
	acmid = {671201},
	publisher = {Morgan Kaufmann Publishers Inc.},
	address = {San Francisco, CA, USA},
} 

@book{Mitsa:2010,
	author = {Mitsa, Theophano},
	title = {Temporal Data Mining},
	year = {2010},
	isbn = {1420089765, 9781420089769},
	edition = {1st},
	publisher = {Chapman \& Hall/CRC},
} 


@article{ConvexHull,
	added-at = {2012-07-13T11:58:22.000+0200},
	author = {Graham, Ronald L.},
	biburl = {https://www.bibsonomy.org/bibtex/2441a58f3efd4ed9b0e376fea0c4d58b5/jabreftest},
	file = {Graham1972.pdf:1972/Graham1972.pdf:PDF},
	groups = {public},
	journal = {Inf. Process. Lett.},
	keywords = {},
	number = {4},
	pages = {132-133},
	timestamp = {2012-07-13T11:58:22.000+0200},
	title = {An Efficient Algorithm for Determining the Convex Hull of a Finite Planar Set},
	username = {jabreftest},
	volume = {1},
	year = {1972},
}

@article{Guha1998,
	author = {Guha, Sudipto and Rastogi, Rajeev and Shim, Kyuseok},
	title = {CURE: An Efficient Clustering Algorithm for Large Databases},
	journal = {SIGMOD Rec.},
	issue_date = {June 1998},
	volume = {27},
	number = {2},
	month = jun,
	year = {1998},
	issn = {0163-5808},
	pages = {73--84},
	numpages = {12},
	url = {http://doi.acm.org/10.1145/276305.276312},
	doi = {10.1145/276305.276312},
	acmid = {276312},
	publisher = {ACM},
	address = {New York, NY, USA},
} 

@misc{html,
	author = {w3schools},
	title = {HTML Introduction},
	year = {2018},
	url = {https://www.w3schools.com/html/html_intro.asp},
	note = {Acessado em Outubro. 20, 2018},
}

@misc{css,
	author = {W3SCHOOLS},
	title = {CSS Introduction},
	year = {2018},
	url = {https://www.w3schools.com/css/css_intro.asp},
	note = {Acessado em Outubro. 20, 2018},
}

@misc{ecma2015,
	author = {ECMA-262},
	title = {ECMAScript® 2015 Language Specification},
	year = {2015},
	url = {https://www.ecma-international.org/ecma-262/6.0/},
	note = {Acessado em Outubro. 20, 2018},
}


@misc{json,
	author = {ECMA-404},
	title = {The JSON Data Interchange Standard},
	year = {2018},
	url = {https://www.json.org/},
	note = {Acessado em Outubro. 20, 2018},
}

@misc{simda,
	author = {SIMDA},
	title = {Sistema de Monitoramento Diário de Agravos},
	year = {2018},
	url = {http://tc1.sms.fortaleza.ce.gov.br/simda/index/},
	note = {Acessado em Julho. 24, 2018}
}

@misc{markerCluster,
	author = {Google Maps},
	title = {Marker Clustering},
	year = {2018},
	url = {https://developers.google.com/maps/documentation/javascript/marker-clustering},
	note = {Acessado em  Outubro. 14, 2018}
}

@misc{angularjs,
	author = {AngularJS},
	title = {What Is AngularJS?},
	year = {2010},
	url = {https://docs.angularjs.org/guide/introduction},
	note = {Acessado em  Outubro. 22, 2018}
}

@article{ign,
	title={A New Hierarchical Procedure for Natural Groups Identification in Euclidean Space},
	author={Frederico, João and Negreiros, Marcos and Fontenele, Airton},
	year={2004},
	publisher={Jornées de l'optimisation}
}

@inproceedings{kruskal,
  added-at = {2009-08-29T18:11:31.000+0200},
  author = {Kruskal, J. B.},
  biburl = {https://www.bibsonomy.org/bibtex/20c7e44f927aaf05b9756ddcf543e06bc/n770},
  booktitle = {Proceedings of the American Mathematical Society, 7},
  interhash = {ddaeebbd73b6a398ab03adf503924c85},
  intrahash = {0c7e44f927aaf05b9756ddcf543e06bc},
  keywords = {imported},
  timestamp = {2009-08-29T18:12:13.000+0200},
  title = {{On the Shortest Spanning Subtree of a Graph and the
       Traveling Salesman Problem}},
  year = 1956
}

@inproceedings{webdengue2011,
author = {Negreiros, Marcos and Xavier, Adilson and F. S. Xavier, Airton and Maculan, Nelson and Michelon, Philippe and Wellington O. Lima, Jose and Odorico M. Andrade, Luis},
year = {2011},
month = {09},
pages = {},
booktitle = {Efficient Decision Support Systems - Practice and Challenges in Biomedical Related Domain},
publisher = {InTech},
title = {Optimization Models, Statistical and DSS Tools for Prevention and Combat of Dengue Disease},
isbn = {978-953-307-258-6}
}

@article{webdengue2008,
author = {Negreiros, Marcos and Fontenele Sampaio Xavier, Airton and Oliveira Lima, Jose Wellington and Xavier, Adilson and Maculan, Nelson and Michelon, Philippe},
year = {2008},
month = {04},
pages = {},
title = {Integração de sistemas computacionais e modelos logísticos de otimização para prevenção e combate à dengue},
volume = {28},
booktitle = {Pesquisa Operacional}
}

@article{holme:predictability,
	title={Time evolution of predictability of epidemics on networks},
	author={HOLME, P. and TAKAGUCHI, T.},
	publisher={Physical Review E},
	volume={91},
	number={4},
	year={2015}
}

@book{maimon:2005,
 author = {Maimon, Oded and Rokach, Lior},
 title = {Data Mining and Knowledge Discovery Handbook},
 year = {2005},
 isbn = {0387244352, 9780387244358},
 publisher = {Springer-Verlag},
 address = {Berlin, Heidelberg},
}

@misc{kmedias:exemplo,
	author = {stanford},
	title = {K Means},
	year = {2018},
	url = {http://stanford.edu/~cpiech/cs221/handouts/kmeans.html},
	note = {Acessado em Novembro. 10, 2018},
}

@mastersthesis{scluster,
	title={SCLUSTER: Um sistema para análise multivariada de agrupamentos de dados em larga escala},
	author={Frederico, João},
	year={2003},
	school={Universidade Estadual do Ceará}
}

@article{st-twitter,
    author = {Shi, Yan and Deng, Min and Xuexi, Yang and Liu, Qiliang and Zhao, Liang and Lu, Chang-Tien},
    year = {2016},
    month = {10},
    pages = {193},
    title = {A Framework for Discovering Evolving Domain Related Spatio-Temporal Patterns in Twitter},
    volume = {5},
    journal = {ISPRS International Journal of Geo-Information},
    doi = {10.3390/ijgi5100193}
}

@mastersthesis{joaoFrederico,
	title={ANÁLISE MULTIVARIADA DE AGRUPAMENTOS DE DADOS UTILIZANDO TÉCNICAS RÍGIDAS E DIFUSAS},
	author={Frederico, João},
	year={2008},
	school={Universidade Estadual do Ceará}
}

@article{Birant2006SpatiotemporalOD,
  title={Spatio-temporal outlier detection in large databases},
  author={Derya Birant and Alp Kut},
  journal={28th International Conference on Information Technology Interfaces, 2006.},
  year={2006},
  pages={179-184}
}

@book{Barnett1978Outliers,
  added-at = {2011-01-17T13:01:00.000+0100},
  author = {Barnett, V. and Lewis, T.},
  biburl = {https://www.bibsonomy.org/bibtex/2549007df938719bb1ee46df2d00011fd/hkayabilisim},
  edition = {2nd edition},
  interhash = {2cd37a4d82d120a8ef645225ba35e254},
  intrahash = {549007df938719bb1ee46df2d00011fd},
  keywords = {},
  publisher = {John Wiley \& Sons Ltd.},
  timestamp = {2011-01-17T13:01:00.000+0100},
  title = {Outliers in statistical data.},
  year = 1978
}


@InProceedings{devillez,
author="Devillez, Arnaud
and Billaudel, Patrice
and Lecolier, G{\'e}rard Villermain",
editor="Kiers, Henk A. L.
and Rasson, Jean-Paul
and Groenen, Patrick J. F.
and Schader, Martin",
title="A New Criterion for Obtaining a Fuzzy Partition from a Hybrid Fuzzy/Hierarchical Clustering Method",
booktitle="Data Analysis, Classification, and Related Methods",
year="2000",
publisher="Springer Berlin Heidelberg",
address="Berlin, Heidelberg",
pages="63--68",
abstract="Classical fuzzy clustering methods are not able to compute a partition into a set of points, when classes have non-convex shape. Furthermore, we know that in this case, the usual criteria of class validity, such as fuzzy hyper volume or compactness - separability, do not allow one to find the optimal partition.",
isbn="978-3-642-59789-3"
}

@article{chandola2009,
 author = {Chandola, Varun and Banerjee, Arindam and Kumar, Vipin},
 title = {Anomaly Detection: A Survey},
 journal = {ACM Comput. Surv.},
 issue_date = {July 2009},
 volume = {41},
 number = {3},
 month = jul,
 year = {2009},
 issn = {0360-0300},
 pages = {15:1--15:58},
 articleno = {15},
 numpages = {58},
 url = {http://doi.acm.org/10.1145/1541880.1541882},
 doi = {10.1145/1541880.1541882},
 acmid = {1541882},
 publisher = {ACM},
 address = {New York, NY, USA},
 keywords = {Anomaly detection, outlier detection},
} 

@book{alpaydin2010,
 author = {Alpaydin, Ethem},
 title = {Introduction to Machine Learning},
 year = {2010},
 isbn = {026201243X, 9780262012430},
 edition = {2nd},
 publisher = {The MIT Press},
}

@article{Atluri:2018,
 author = {Atluri, Gowtham and Karpatne, Anuj and Kumar, Vipin},
 title = {Spatio-Temporal Data Mining: A Survey of Problems and Methods},
 journal = {ACM Comput. Surv.},
 issue_date = {September 2018},
 volume = {51},
 number = {4},
 month = aug,
 year = {2018},
 issn = {0360-0300},
 pages = {83:1--83:41},
 articleno = {83},
 numpages = {41},
 url = {http://doi.acm.org/10.1145/3161602},
 doi = {10.1145/3161602},
 acmid = {3161602},
 publisher = {ACM},
 address = {New York, NY, USA},
 keywords = {Data mining, geographic data, rasters, spatial data, spatiotemporal data, time-series},
} 

@article{cheng:2014,
author = {Cheng, T and Haworth, James and Anbaroglu, Berk and Tanaksaranond, Garavig and Wang, Jiaqiu},
year = {2014},
month = {07},
pages = {1173-1193},
title = {Spatiotemporal Data Mining},
doi = {10.1007/978-3-642-23430-9_68}
}

@ARTICLE{gupta:2014, 
author={M. Gupta and J. Gao and C. C. Aggarwal and J. Han}, 
journal={IEEE Transactions on Knowledge and Data Engineering}, 
title={Outlier Detection for Temporal Data: A Survey}, 
year={2014}, 
volume={26}, 
number={9}, 
pages={2250-2267}, 
keywords={data handling;time series;statistics community;time series data;software technology;hardware technology;temporal outlier detection;computer science community;temporal data collection mechanisms;data management mechanisms;data streams;spatio-temporal data;distributed streams;temporal networks;temporal datasets;Time series analysis;Computational modeling;Hidden Markov models;Predictive models;Distributed databases;Pattern matching;Data mining;Mining methods and algorithms;Temporal outlier detection;time series data;data streams;distributed data streams;temporal networks;spatio-temporal outliers;applications of temporal outlier detection;network outliers}, 
doi={10.1109/TKDE.2013.184}, 
ISSN={1041-4347}, 
month={Sept},}

@Inbook{aggarwal:2017,
author="Aggarwal, Charu C.",
title="Spatial Outlier Detection",
bookTitle="Outlier Analysis",
year="2017",
publisher="Springer International Publishing",
address="Cham",
pages="345--368",
abstract="Spatial data shares a number of similarities with time-series data in being a contextual data type. In fact, it is often possible for the spatial and temporal attributes to occur in various combinations of behavioral and contextual attributes. Such data is also referred to as spatiotemporal data. For example, in some applications, such as hurricane tracking, the contextual attributes are both spatial and temporal.",
isbn="978-3-319-47578-3",
doi="10.1007/978-3-319-47578-3_11",
url="https://doi.org/10.1007/978-3-319-47578-3_11"
}

@Article{Griffith2010,
author="Griffith, Daniel A.",
title="Modeling spatio-temporal relationships: retrospect and prospect",
journal="Journal of Geographical Systems",
year="2010",
month="Jun",
day="01",
volume="12",
number="2",
pages="111--123",
abstract="Interest in space--time modeling is experiencing a resurgence, in part because more and more sizeable space--time datasets are becoming readily available. Currently techniques to describe these data, many of which have existed for years, are being utilized and improved. This paper surveys general categories of these techniques (i.e., autoregressive-integrated-moving-average models, space--time autoregressive models, three-dimensional geostatistical models, and panel data models), in retrospect, demonstrates a future prospect (i.e., spatial filtering models), and suggests important topics for incorporation into a research agenda, including ones pertaining to non-normal random variables, panel data models, space--time heterogeneity, missing data, and distributional properties of space--time filters.",
issn="1435-5949",
doi="10.1007/s10109-010-0120-x",
url="https://doi.org/10.1007/s10109-010-0120-x"
}

